% This file was created with JabRef 2.7.2.
% Encoding: Cp1252

@MISC{bardow2011energiesystemtechnik,
  author = {A. Bardow},
  title = {{Energiesystemtechnik - Vorlesungsumdruck}},
  year = {2011},
  date-added = {2013-06-05 20:02:03 +0000},
  date-modified = {2013-06-30 23:50:28 +0000}
}

@MISC{kneer2007wsue,
  author = {Kneer, R.},
  title = {Skript zur Vorlesung W{\"a}rme- und Stoff{\"u}bertragung},
  year = {2007},
  date-added = {2013-05-26 21:51:32 +0000},
  date-modified = {2013-06-30 23:12:05 +0000}
}

@PHDTHESIS{lanzerath2013modellgestuetzteentwicklungvon,
  author = {Lanzerath, F.},
  title = {Modellgest{\"u}tzte Entwicklung von Adsorptionsw{\"a}rmepumpen},
  school = {RWTH Aachen University},
  year = {2013},
  type = {Eingereichte Dissertation},
  date-added = {2013-05-04 09:26:07 +0000},
  date-modified = {2013-07-01 00:55:34 +0000}
}

